<?xml version="1.0" encoding="UTF-8" ?>
<OAI-PMH xmlns="http://www.openarchives.org/OAI/2.0/" 
	xmlns:xsi="http://www.w3.org/2001/XMLSchema-instance" 
	xsi:schemaLocation="http://www.openarchives.org/OAI/2.0/ http://www.openarchives.org/OAI/2.0/OAI-PMH.xsd">
	<responseDate>2011-07-22T12:50:45Z</responseDate>
	<request verb="ListRecords" from="2011-07-20T00:00:00Z" metadataPrefix="marc21">http://localhost:8080/OAIToolkit-0.6.10/oai-request.do</request>

<ListRecords><record><header><identifier>oai:library.rochester.edu:URVoyager1/0</identifier><datestamp>2011-07-21T20:15:53Z</datestamp><setSpec>bib</setSpec></header><metadata>
  <marc:record xmlns:marc="http://www.loc.gov/MARC21/slim"  xmlns:xsi="http://www.w3.org/2001/XMLSchema-instance" xsi:schemaLocation="http://www.loc.gov/MARC21/slim http://localhost:8080/OAIToolkit-0.6.10/schema/MARC21slim_custom.xsd">
    <marc:leader>03018nam a2200349Ka 4500</marc:leader>
    <marc:controlfield tag="001">4699235</marc:controlfield>
    <marc:controlfield tag="005">20110627103835.0</marc:controlfield>
    <marc:controlfield tag="006">m        d        </marc:controlfield>
    <marc:controlfield tag="007">cr |||||||||||</marc:controlfield>
    <marc:controlfield tag="008">110627s2008    nyua    obm   000 0 eng d</marc:controlfield>
    <marc:datafield tag="035" ind1=" " ind2=" ">
      <marc:subfield code="a">(OCoLC)ocn733049764</marc:subfield>
    </marc:datafield>
    <marc:datafield tag="040" ind1=" " ind2=" ">
      <marc:subfield code="a">RRR</marc:subfield>
      <marc:subfield code="c">RRR</marc:subfield>
    </marc:datafield>
    <marc:datafield tag="049" ind1=" " ind2=" ">
      <marc:subfield code="a">RRRR</marc:subfield>
    </marc:datafield>
    <marc:datafield tag="099" ind1=" " ind2="9">
      <marc:subfield code="a">AS38.663</marc:subfield>
    </marc:datafield>
    <marc:datafield tag="100" ind1="1" ind2=" ">
      <marc:subfield code="a">Nelson, Edward M.,</marc:subfield>
      <marc:subfield code="d">1979-</marc:subfield>
    </marc:datafield>
    <marc:datafield tag="245" ind1="1" ind2="4">
      <marc:subfield code="a">The adsorption of DNA onto unmodified gold nanoparticles</marc:subfield>
      <marc:subfield code="h">[electronic resource] /</marc:subfield>
      <marc:subfield code="c">by Edward M. Nelson.</marc:subfield>
    </marc:datafield>
    <marc:datafield tag="260" ind1=" " ind2=" ">
      <marc:subfield code="a">Rochester, N.Y. :</marc:subfield>
      <marc:subfield code="b">University of Rochester,</marc:subfield>
      <marc:subfield code="c">2008.</marc:subfield>
    </marc:datafield>
    <marc:datafield tag="300" ind1=" " ind2=" ">
      <marc:subfield code="a">1 online resource (xvi, 111 leaves) :</marc:subfield>
      <marc:subfield code="b">ill. (some col.))</marc:subfield>
    </marc:datafield>
    <marc:datafield tag="500" ind1=" " ind2=" ">
      <marc:subfield code="a">Advisor: Lewis Josiah Rothberg.</marc:subfield>
    </marc:datafield>
    <marc:datafield tag="500" ind1=" " ind2=" ">
      <marc:subfield code="a">Includes vita and abstract.</marc:subfield>
    </marc:datafield>
    <marc:datafield tag="502" ind1=" " ind2=" ">
      <marc:subfield code="a">Thesis (Ph. D.)--University of Rochester. Dept. of Physics, 2009.</marc:subfield>
    </marc:datafield>
    <marc:datafield tag="504" ind1=" " ind2=" ">
      <marc:subfield code="a">Includes bibliographical references.</marc:subfield>
    </marc:datafield>
    <marc:datafield tag="520" ind1="3" ind2=" ">
      <marc:subfield code="a">"The remarkable observation that single-stranded (ss) oligonucleotides (DNA) adsorb onto like-charged gold nanoparticles (Au-np) while double-stranded DNA (dsDNA) does not was investigated by the use of binding kinetics. The transition enthalpy of the interaction between ssDNA and Au-np was calculated using binding rate data from time-dependent fluorescence quenching measurements. We propose a simple electrostatic model based on DLVO theory for the interaction. The model utilizes a van der Waals type attraction and predicts that ligands irreversibly bind to the surface of gold nanoparticles. Electrostatic screening is achieved via Debye-Hu^ckel theory and the weak-overlap approximation. Experimental results are compared to the peak binding transition energy calculated for 1:1 and 1:2 type salts from the model and show acceptable predictions for ssDNA at low concentrations of salt (up to 20 mM) but not for dsDNA nor for high salt concentrations. Shortcomings to the model are discussed. Enthalpy-entropy compensation plots are used to investigate the role of the hydrophobic effect in the reaction. Exothermodynamic properties such as the change in entropy and the change in enthalpy are compared to the known hydrophobic properties of the ligands. A classification scheme for salt ions is proposed and the results roughly follow the Hofmeister series. Finally, binding kinetics using urea demonstrates an increase in transition enthalpy and entropy and an increase in the binding time constant consistent with a weaker hydrophobic interaction. These results demonstrate that the electrostatic interaction between DNA and gold nanoparticles is of little importance to the overall theory of interaction and the largest effects are from solvation forces, specifically the hydrophobic effect"--Leaf iv.</marc:subfield>
    </marc:datafield>
    <marc:datafield tag="538" ind1=" " ind2=" ">
      <marc:subfield code="a">System requirements: PDF viewer/reader.</marc:subfield>
    </marc:datafield>
    <marc:datafield tag="538" ind1=" " ind2=" ">
      <marc:subfield code="a">Mode of access: World Wide Web.</marc:subfield>
    </marc:datafield>
    <marc:datafield tag="653" ind1=" " ind2=" ">
      <marc:subfield code="a">Biophysics.</marc:subfield>
    </marc:datafield>
    <marc:datafield tag="653" ind1=" " ind2=" ">
      <marc:subfield code="a">Nanotechnology.</marc:subfield>
    </marc:datafield>
    <marc:datafield tag="653" ind1=" " ind2=" ">
      <marc:subfield code="a">DNA screening assays.</marc:subfield>
    </marc:datafield>
    <marc:datafield tag="655" ind1=" " ind2="7">
      <marc:subfield code="a">Electronic dissertations.</marc:subfield>
      <marc:subfield code="2">lcgft</marc:subfield>
    </marc:datafield>
    <marc:datafield tag="856" ind1="4" ind2="0">
      <marc:subfield code="u">http://hdl.handle.net/1802/14419</marc:subfield>
    </marc:datafield>
    <marc:datafield tag="994" ind1=" " ind2=" ">
      <marc:subfield code="a">C0</marc:subfield>
      <marc:subfield code="b">RRR</marc:subfield>
    </marc:datafield>
    <marc:datafield tag="999" ind1=" " ind2=" ">
      <marc:subfield code="a">Text data RCL Internet ETD</marc:subfield>
    </marc:datafield>
  </marc:record>
</metadata></record>