<record><header><identifier>oai:library.rochester.edu:URVoyager1/2</identifier><datestamp>2011-07-21T20:15:53Z</datestamp><setSpec>bib</setSpec></header><metadata>
  <marc:record xmlns:marc="http://www.loc.gov/MARC21/slim"  xmlns:xsi="http://www.w3.org/2001/XMLSchema-instance" xsi:schemaLocation="http://www.loc.gov/MARC21/slim http://localhost:8080/OAIToolkit-0.6.10/schema/MARC21slim_custom.xsd">
    <marc:leader>02327cam a2200409Ka 4500</marc:leader>
    <marc:controlfield tag="001">4615718</marc:controlfield>
    <marc:controlfield tag="005">20110506145936.0</marc:controlfield>
    <marc:controlfield tag="006">m        d        </marc:controlfield>
    <marc:controlfield tag="007">cr |||||||||||</marc:controlfield>
    <marc:controlfield tag="008">110314s2009    nyu     sbm   000 0 eng d</marc:controlfield>
    <marc:datafield tag="035" ind1=" " ind2=" ">
      <marc:subfield code="a">(OCoLC)ocn707103331</marc:subfield>
    </marc:datafield>
    <marc:datafield tag="040" ind1=" " ind2=" ">
      <marc:subfield code="a">RRR</marc:subfield>
      <marc:subfield code="c">RRR</marc:subfield>
    </marc:datafield>
    <marc:datafield tag="049" ind1=" " ind2=" ">
      <marc:subfield code="a">RRRR</marc:subfield>
    </marc:datafield>
    <marc:datafield tag="100" ind1="1" ind2=" ">
      <marc:subfield code="a">Dougherty, Trent.</marc:subfield>
    </marc:datafield>
    <marc:datafield tag="245" ind1="1" ind2="0">
      <marc:subfield code="a">Against pragmatic encroachment</marc:subfield>
      <marc:subfield code="h">[electronic resource] :</marc:subfield>
      <marc:subfield code="b">a defense of simple moderate invariantism /</marc:subfield>
      <marc:subfield code="c">by Trent Dougherty.</marc:subfield>
    </marc:datafield>
    <marc:datafield tag="260" ind1=" " ind2=" ">
      <marc:subfield code="a">Rochester, N.Y. :</marc:subfield>
      <marc:subfield code="b">University of Rochester,</marc:subfield>
      <marc:subfield code="c">2009.</marc:subfield>
    </marc:datafield>
    <marc:datafield tag="300" ind1=" " ind2=" ">
      <marc:subfield code="a">1 online resource (vi, 114 leaves) :</marc:subfield>
      <marc:subfield code="b">digital, PDF file.</marc:subfield>
    </marc:datafield>
    <marc:datafield tag="500" ind1=" " ind2=" ">
      <marc:subfield code="a">Advisor: Richard Feldman.</marc:subfield>
    </marc:datafield>
    <marc:datafield tag="500" ind1=" " ind2=" ">
      <marc:subfield code="a">Includes vita and abstract.</marc:subfield>
    </marc:datafield>
    <marc:datafield tag="502" ind1=" " ind2=" ">
      <marc:subfield code="a">Thesis (Ph. D.)--University of Rochester. Dept. of Philosophy, 2009.</marc:subfield>
    </marc:datafield>
    <marc:datafield tag="504" ind1=" " ind2=" ">
      <marc:subfield code="a">Includes bibliographical references (leaves 112-114).</marc:subfield>
    </marc:datafield>
    <marc:datafield tag="506" ind1=" " ind2=" ">
      <marc:subfield code="a">Access restricted to current members of the University of Rochester until May 1, 2011. Registration with NetID required.</marc:subfield>
    </marc:datafield>
    <marc:datafield tag="520" ind1="3" ind2=" ">
      <marc:subfield code="a">"I defend the thesis of purism--that whether one knows is determined solely by truth-related factors--against recent attacks. These attacks are based principally on arguments which purport to make knowledge a necessary and/or sufficient condition for action and assertion. The arguments for these logical connections are explanatory arguments taking certain ordinary linguistic behaviors as data. I provide alternative explanations of the data relying on pragmatic rather than semantic features of language as well as cognitive science. In both these regards my arguments are fairly pioneering. Since the foes of purism admit that it is a default position, undercutting the case against purism leaves it as the most acceptable position regarding the relation of knowledge and practical interests"--Leaf iii.</marc:subfield>
    </marc:datafield>
    <marc:datafield tag="538" ind1=" " ind2=" ">
      <marc:subfield code="a">System requirements: PDF viewer/reader.</marc:subfield>
    </marc:datafield>
    <marc:datafield tag="538" ind1=" " ind2=" ">
      <marc:subfield code="a">Mode of access: World Wide Web.</marc:subfield>
    </marc:datafield>
    <marc:datafield tag="650" ind1=" " ind2="0">
      <marc:subfield code="a">Knowledge, Theory of.</marc:subfield>
    </marc:datafield>
    <marc:datafield tag="653" ind1=" " ind2=" ">
      <marc:subfield code="a">Pragmatic encroachment.</marc:subfield>
    </marc:datafield>
    <marc:datafield tag="653" ind1=" " ind2=" ">
      <marc:subfield code="a">Epistemic probability.</marc:subfield>
    </marc:datafield>
    <marc:datafield tag="653" ind1=" " ind2=" ">
      <marc:subfield code="a">Purism.</marc:subfield>
    </marc:datafield>
    <marc:datafield tag="653" ind1=" " ind2=" ">
      <marc:subfield code="a">Epistemic possibility.</marc:subfield>
    </marc:datafield>
    <marc:datafield tag="653" ind1=" " ind2=" ">
      <marc:subfield code="a">Evidentialism.</marc:subfield>
    </marc:datafield>
    <marc:datafield tag="653" ind1=" " ind2=" ">
      <marc:subfield code="a">Interest.</marc:subfield>
    </marc:datafield>
    <marc:datafield tag="653" ind1=" " ind2=" ">
      <marc:subfield code="a">Relative invariantism.</marc:subfield>
    </marc:datafield>
    <marc:datafield tag="655" ind1=" " ind2="7">
      <marc:subfield code="a">Electronic dissertations.</marc:subfield>
      <marc:subfield code="2">lcgft</marc:subfield>
    </marc:datafield>
    <marc:datafield tag="856" ind1="4" ind2="0">
      <marc:subfield code="a">http://hdl.handle.net/1802/14464</marc:subfield>
    </marc:datafield>
    <marc:datafield tag="994" ind1=" " ind2=" ">
      <marc:subfield code="a">C0</marc:subfield>
      <marc:subfield code="b">RRR</marc:subfield>
    </marc:datafield>
    <marc:datafield tag="999" ind1=" " ind2=" ">
      <marc:subfield code="a">Text data RCL Internet ETD</marc:subfield>
    </marc:datafield>
  </marc:record>
</metadata></record>