<record><header><identifier>oai:library.rochester.edu:URVoyager1/3</identifier><datestamp>2011-07-21T20:15:53Z</datestamp><setSpec>bib</setSpec></header><metadata>
  <marc:record xmlns:marc="http://www.loc.gov/MARC21/slim"  xmlns:xsi="http://www.w3.org/2001/XMLSchema-instance" xsi:schemaLocation="http://www.loc.gov/MARC21/slim http://localhost:8080/OAIToolkit-0.6.10/schema/MARC21slim_custom.xsd">
    <marc:leader>06533cam a2200409Ka 4500</marc:leader>
    <marc:controlfield tag="001">4616530</marc:controlfield>
    <marc:controlfield tag="005">20110608101529.0</marc:controlfield>
    <marc:controlfield tag="006">m        d        </marc:controlfield>
    <marc:controlfield tag="007">cr |||||||||||</marc:controlfield>
    <marc:controlfield tag="008">110318s2009    nyua    sbm   000 0 eng d</marc:controlfield>
    <marc:datafield tag="035" ind1=" " ind2=" ">
      <marc:subfield code="a">(OCoLC)ocn707726150</marc:subfield>
    </marc:datafield>
    <marc:datafield tag="040" ind1=" " ind2=" ">
      <marc:subfield code="a">RRR</marc:subfield>
      <marc:subfield code="c">RRR</marc:subfield>
    </marc:datafield>
    <marc:datafield tag="049" ind1=" " ind2=" ">
      <marc:subfield code="a">RRRR</marc:subfield>
    </marc:datafield>
    <marc:datafield tag="100" ind1="1" ind2=" ">
      <marc:subfield code="a">Velez, Rodrigo A.,</marc:subfield>
      <marc:subfield code="d">1976-</marc:subfield>
    </marc:datafield>
    <marc:datafield tag="245" ind1="1" ind2="0">
      <marc:subfield code="a">Allocating indivisible goods</marc:subfield>
      <marc:subfield code="h">[electronic resource] :</marc:subfield>
      <marc:subfield code="b">normative and incentives issues /</marc:subfield>
      <marc:subfield code="c">by Rodrigo A. Velez.</marc:subfield>
    </marc:datafield>
    <marc:datafield tag="260" ind1=" " ind2=" ">
      <marc:subfield code="a">Rochester, N.Y. :</marc:subfield>
      <marc:subfield code="b">University of Rochester,</marc:subfield>
      <marc:subfield code="c">2009.</marc:subfield>
    </marc:datafield>
    <marc:datafield tag="300" ind1=" " ind2=" ">
      <marc:subfield code="a">1 online resource (xi, 158 leaves) :</marc:subfield>
      <marc:subfield code="b">ill.</marc:subfield>
    </marc:datafield>
    <marc:datafield tag="500" ind1=" " ind2=" ">
      <marc:subfield code="a">Advisor: William Thomson.</marc:subfield>
    </marc:datafield>
    <marc:datafield tag="500" ind1=" " ind2=" ">
      <marc:subfield code="a">Includes vita and abstract.</marc:subfield>
    </marc:datafield>
    <marc:datafield tag="502" ind1=" " ind2=" ">
      <marc:subfield code="a">Thesis (Ph. D.)--University of Rochester. Dept. of Economics, 2009.</marc:subfield>
    </marc:datafield>
    <marc:datafield tag="504" ind1=" " ind2=" ">
      <marc:subfield code="a">Includes bibliographical references (leaves 105-111).</marc:subfield>
    </marc:datafield>
    <marc:datafield tag="506" ind1=" " ind2=" ">
      <marc:subfield code="a">Access restricted to current members of the University of Rochester until May 1, 2011. Registration with NetID required.</marc:subfield>
    </marc:datafield>
    <marc:datafield tag="520" ind1="3" ind2=" ">
      <marc:subfield code="a">"A manager has to allocate tasks and salary among workers; a judge has to divide a bequest among heirs; roommates have to allocate the rooms and divide the rent in the apartment they share; a  rm goes bankrupt and its assets have to be divided among its creditors. These are examples of resource allocation problems. The three chapters of this dissertation advance our understanding of how to resolve such conflictual situations. They contribute on three levels: (i) the construction of parsimonious models that capture the essence of the situations under study (e.g., special characteristics of resources and preferences), (ii) the formulation of social objectives appropriate in each environment, and (iii) the analysis of the strategic issues that arise when agents are asked to report their preferences in order to reach these objectives. The fi rst chapter studies the problem of allocating a social endowment of objects among a group of agents when monetary compensation is not available to accommodate possible conflict of interests. First, I impose two axioms on rules: Efficiency and consistency. Previous research imposed, besides efficiency and consistency, the requirement that rules should treat objects symmetrically, i.e., neutrality, and arrived at a dictatorship result [Ergin, H., 2000. Consistency in house allocation problems. J. Math. Econ. 34, 77-97]. (i) By dropping neutrality I show that one can recover some fairness and still retain efficiency and consistency. (ii) I defi ne a parametric family of weak forms of efficiency and consistency; under the mild assumption that there are at least four objects, I characterize the family of efficient and consistent rules using minimal forms of these two axioms. (iii) I investigate the restrictions imposed by incentives requirements on this family; I characterize the subfamily of strategy-proof rules and show that they can be described by means of a natural generalization to the variable population setting of the "endowment inheritance rules" [Papai, S., 2000. Strategy-proof assignment by hierarchical exchange, Econometrica 68, 1403-1433]. (iv) As a corollary, I show that efficiency, consistency, and strategy-proofness imply group-strategy-proofness and reallocation-proofness. The second chapter develops a model of fair allocation of a social endowment of objects and money (e.g., tasks and salary, rooms and rent) in which preferences may exhibit externalities. I extend Foley's [1967, Resource allocation and the public sector, Yale Econ Essays 7, 45-98] fairness test as follows: An allocation is fair if no agent prefers the allocation obtained by swapping her consumption bundle with that of any other agent. Under general assumptions on preferences I show that: (i) if individual consumptions of money are unrestricted, then for each social endowment of money, there are fair allocations; (ii) for each common lower bound on individual consumptions of money (e.g., a minimum salary constraint in the allocation of tasks and salary), if there is enough money to distribute, then there are fair allocations meeting the lower bound; (iii) if a budget-balanced fair allocation satisfi es a condition I call "non-wastefulness," then the allocation is efficient. I provide a range of applications that accommodate prominent consumption externalities studied in economics literature. Moreover, the central results in the literature of fair allocation of objects and money whenever externalities are absent, are corollaries of my theorems. The third chapter analyzes incentives for truthful revelation of preferences for the problem of fairly allocating a set of objects when monetary compensations are possible. An example is the allocation of the rooms and the rent among housemates. I investigate the manipulability of a family of solutions which are efficient, attain some intuitive form of distributive justice [Rawls J., 1972, A Theory of Justice, Harvard U. Press], and satisfy a strong form of solidarity under budget changes: the Generalized Money Rawlsian Fair (GMRF) correspondences [Alkan A., Demange G., Gale D., Fair allocation of indivisible goods and criteria of justice. Econometrica 59, 1023-1039]. A solution is strategy-proof if no agent can benefi t by misrepresenting her preferences. (i) I show that even though no selection from these correspondences is strategy-proof, the Nash and strong Nash equilibrium outcomes of the "preference revelation game form" associated to each correspondence, retain the basic objectives of fairness and efficiency. Thus, even though each agent has an incentive to lie if the others truthfully report their preferences, in equilibrium, no agent prefers another agent's allotment to hers according to her true preferences; moreover, in equilibrium, efficiency is preserved according to agents' true preferences. (ii) As a corollary, I show that GMRF correspondences "naturally implement" the fair and efficient correspondence, in both Nash and strong Nash equilibria"--Leaves v-vii.</marc:subfield>
    </marc:datafield>
    <marc:datafield tag="538" ind1=" " ind2=" ">
      <marc:subfield code="a">System requirements: PDF viewer/reader.</marc:subfield>
    </marc:datafield>
    <marc:datafield tag="538" ind1=" " ind2=" ">
      <marc:subfield code="a">Mode of access: World Wide Web.</marc:subfield>
    </marc:datafield>
    <marc:datafield tag="650" ind1=" " ind2="0">
      <marc:subfield code="a">Resource allocation</marc:subfield>
      <marc:subfield code="x">Mathematical models.</marc:subfield>
    </marc:datafield>
    <marc:datafield tag="653" ind1=" " ind2=" ">
      <marc:subfield code="a">House allocation problems.</marc:subfield>
    </marc:datafield>
    <marc:datafield tag="653" ind1=" " ind2=" ">
      <marc:subfield code="a">Consistency.</marc:subfield>
    </marc:datafield>
    <marc:datafield tag="653" ind1=" " ind2=" ">
      <marc:subfield code="a">Fairness.</marc:subfield>
    </marc:datafield>
    <marc:datafield tag="653" ind1=" " ind2=" ">
      <marc:subfield code="a">Strategy-proofness.</marc:subfield>
    </marc:datafield>
    <marc:datafield tag="653" ind1=" " ind2=" ">
      <marc:subfield code="a">Externalities.</marc:subfield>
    </marc:datafield>
    <marc:datafield tag="653" ind1=" " ind2=" ">
      <marc:subfield code="a">Implementation.</marc:subfield>
    </marc:datafield>
    <marc:datafield tag="653" ind1=" " ind2=" ">
      <marc:subfield code="a">Indivisible goods.</marc:subfield>
    </marc:datafield>
    <marc:datafield tag="655" ind1=" " ind2="7">
      <marc:subfield code="a">Electronic dissertations.</marc:subfield>
      <marc:subfield code="2">lcgft</marc:subfield>
    </marc:datafield>
    <marc:datafield tag="856" ind1="4" ind2="0">
      <marc:subfield code="a">http://hdl.handle.net/1802/14511</marc:subfield>
    </marc:datafield>
    <marc:datafield tag="994" ind1=" " ind2=" ">
      <marc:subfield code="a">C0</marc:subfield>
      <marc:subfield code="b">RRR</marc:subfield>
    </marc:datafield>
    <marc:datafield tag="999" ind1=" " ind2=" ">
      <marc:subfield code="a">Text data RCL Internet ETD</marc:subfield>
    </marc:datafield>
  </marc:record>
</metadata></record>