<record><header><identifier>oai:library.rochester.edu:URVoyager1/4</identifier><datestamp>2011-07-21T20:15:53Z</datestamp><setSpec>bib</setSpec></header><metadata>
  <marc:record xmlns:marc="http://www.loc.gov/MARC21/slim"  xmlns:xsi="http://www.w3.org/2001/XMLSchema-instance" xsi:schemaLocation="http://www.loc.gov/MARC21/slim http://localhost:8080/OAIToolkit-0.6.10/schema/MARC21slim_custom.xsd">
    <marc:leader>04444nam a2200313Ka 4500</marc:leader>
    <marc:controlfield tag="001">4688047</marc:controlfield>
    <marc:controlfield tag="005">20110524111422.0</marc:controlfield>
    <marc:controlfield tag="006">m        d        </marc:controlfield>
    <marc:controlfield tag="007">cr nn ---|||||</marc:controlfield>
    <marc:controlfield tag="008">110524s2011    nyua    obm   000 0 eng  </marc:controlfield>
    <marc:datafield tag="099" ind1=" " ind2="9">
      <marc:subfield code="a">AS38.698</marc:subfield>
    </marc:datafield>
    <marc:datafield tag="100" ind1="1" ind2=" ">
      <marc:subfield code="a">Zhang, Yang,</marc:subfield>
      <marc:subfield code="d">1981-</marc:subfield>
    </marc:datafield>
    <marc:datafield tag="245" ind1="1" ind2="0">
      <marc:subfield code="a">Analog readout methods for CMOS (Complementary metal-oxide-semiconductor) image sensors utilizing a global feedback</marc:subfield>
      <marc:subfield code="h">[electronic resource] /</marc:subfield>
      <marc:subfield code="c">by Yang Zhang.</marc:subfield>
    </marc:datafield>
    <marc:datafield tag="260" ind1=" " ind2=" ">
      <marc:subfield code="a">Rochester, N.Y. :</marc:subfield>
      <marc:subfield code="b">University of Rochester,</marc:subfield>
      <marc:subfield code="c">2011.</marc:subfield>
    </marc:datafield>
    <marc:datafield tag="300" ind1=" " ind2=" ">
      <marc:subfield code="a">1 online resource (xv, 139 leaves : ill. (some col.)) :</marc:subfield>
      <marc:subfield code="b">digital, PDF file.</marc:subfield>
    </marc:datafield>
    <marc:datafield tag="500" ind1=" " ind2=" ">
      <marc:subfield code="a">Advisor: Zeljko Ignjatovic.</marc:subfield>
    </marc:datafield>
    <marc:datafield tag="500" ind1=" " ind2=" ">
      <marc:subfield code="a">Includes vita and abstract.</marc:subfield>
    </marc:datafield>
    <marc:datafield tag="502" ind1=" " ind2=" ">
      <marc:subfield code="a">Thesis (Ph. D.)--University of Rochester. Dept. of Electrical and Computer Engineering, 2011.</marc:subfield>
    </marc:datafield>
    <marc:datafield tag="504" ind1=" " ind2=" ">
      <marc:subfield code="a">Includes bibliographical references (leaves 136-139).</marc:subfield>
    </marc:datafield>
    <marc:datafield tag="506" ind1=" " ind2=" ">
      <marc:subfield code="a">Access restricted to current members of the University of Rochester until May 24, 2013. Registration with NetID required.</marc:subfield>
    </marc:datafield>
    <marc:datafield tag="520" ind1="3" ind2=" ">
      <marc:subfield code="a">"Ever since the invention of Charged Coupled Devices (CCD) and CMOS image sensors, there have been tremendous development efforts towards the creation of digital cameras, which rapidly replaced traditional analog and film cameras. Despite their leading role in the market today, most digital cameras still exhibit worse image quality than film cameras. Many efforts have been made to improve the performance of digital images, such as increased dynamic range and reduced readout noise. As one of the fastest growing industries worldwide, CMOS imaging ranges from high quality digital still cameras to low quality consumer end products. Compared to CCD image sensors, CMOS image sensors allow low power, low cost and on-chip signal processing, which allow them to become more and more prominent. However, the demand for low noise, high readout speed and high dynamic range is still a big concern for CMOS imagers. The goal of this work is to improve the readout time while decreasing the readout noise by employing a modification to the standard Active Pixel Sensor (APS) design to retain high fill factor. The first part of this work focused on a new design named Current Sensing Active Pixel (CSAP) sensor. The design was an analog CMOS image sensor readout architecture implemented in a standard 0.35 æm CMOS process, operating from a 3.3 V power supply with faster readout settling times than the standard APS design. The standard APS source follower configuration is used in the pixel part of the CSAP design to obtain a high fill factor. The CSAP design also employed an out-of-pixel readout amplifier in the negative feedback topology with respect to the pixel unit to increase the pixel&amp;#x2019;s current driving capabilities and thereby reduce the settling time at the output. As a result of improved settling time, the 1/f noise contributed by the inpixel source follower transistor may be significantly reduced by the correlated double sampling (CDS) operation commonly used in analog image sensor readout methods. The fabricated CSAP chip prototype was successfully tested and some of the performance improvements were also demonstrated. The other part of this thesis was a new design named Reconfigurable Active Pixel Sensor (RAPS). It was also an analog CMOS image sensor readout architecture implemented in a standard 0.35 æm CMOS process operating from a 3.3 V power supply. This design eliminated the need for the external correlated double sampling (CDS) circuit that is used in traditional APS designs. It employed a reconfigurable differential-input readout amplifier that may be used in both the reset and the readout phases of the image sensor operation. As a result, the DC offset was removed, the flicker noise was differentiated, and the reset noise was greatly reduced by employing the amplifier in an active reset configuration. Gain related fixed pattern noise (FPN) was also reduced by the higher open-loop gain of the differential amplifier. This design retained a high fill factor since the pixel unit utilized the same number and size of transistors as the standard APS design"--Leaves iv-v.</marc:subfield>
    </marc:datafield>
    <marc:datafield tag="538" ind1=" " ind2=" ">
      <marc:subfield code="a">System requirements: PDF viewer/reader.</marc:subfield>
    </marc:datafield>
    <marc:datafield tag="653" ind1=" " ind2=" ">
      <marc:subfield code="a">Current sensing.</marc:subfield>
    </marc:datafield>
    <marc:datafield tag="653" ind1=" " ind2=" ">
      <marc:subfield code="a">Negative feedback.</marc:subfield>
    </marc:datafield>
    <marc:datafield tag="653" ind1=" " ind2=" ">
      <marc:subfield code="a">Readout speed.</marc:subfield>
    </marc:datafield>
    <marc:datafield tag="653" ind1=" " ind2=" ">
      <marc:subfield code="a">Noise.</marc:subfield>
    </marc:datafield>
    <marc:datafield tag="655" ind1=" " ind2="7">
      <marc:subfield code="a">Electronic dissertations.</marc:subfield>
      <marc:subfield code="2">lcgft</marc:subfield>
    </marc:datafield>
    <marc:datafield tag="856" ind1="4" ind2="0">
      <marc:subfield code="u">http://hdl.handle.net/1802/14813</marc:subfield>
    </marc:datafield>
    <marc:datafield tag="999" ind1=" " ind2=" ">
      <marc:subfield code="a">Text data RCL Internet ETD</marc:subfield>
    </marc:datafield>
  </marc:record>
</metadata></record>