<record><header><identifier>oai:library.rochester.edu:URVoyager1/5</identifier><datestamp>2011-07-21T20:15:53Z</datestamp><setSpec>bib</setSpec></header><metadata>
  <marc:record xmlns:marc="http://www.loc.gov/MARC21/slim"  xmlns:xsi="http://www.w3.org/2001/XMLSchema-instance" xsi:schemaLocation="http://www.loc.gov/MARC21/slim http://localhost:8080/OAIToolkit-0.6.10/schema/MARC21slim_custom.xsd">
    <marc:leader>03224cam a2200301Ka 4500</marc:leader>
    <marc:controlfield tag="001">4604090</marc:controlfield>
    <marc:controlfield tag="005">20110506114919.0</marc:controlfield>
    <marc:controlfield tag="006">m        d        </marc:controlfield>
    <marc:controlfield tag="007">cr |||||||||||</marc:controlfield>
    <marc:controlfield tag="008">110214s2010    nyua    sbm   000 0 eng d</marc:controlfield>
    <marc:datafield tag="035" ind1=" " ind2=" ">
      <marc:subfield code="a">(OCoLC)ocn701731337</marc:subfield>
    </marc:datafield>
    <marc:datafield tag="040" ind1=" " ind2=" ">
      <marc:subfield code="a">RRR</marc:subfield>
      <marc:subfield code="c">RRR</marc:subfield>
    </marc:datafield>
    <marc:datafield tag="049" ind1=" " ind2=" ">
      <marc:subfield code="a">RRRR</marc:subfield>
    </marc:datafield>
    <marc:datafield tag="100" ind1="1" ind2=" ">
      <marc:subfield code="a">An, Liwei,</marc:subfield>
      <marc:subfield code="d">1981-</marc:subfield>
    </marc:datafield>
    <marc:datafield tag="245" ind1="1" ind2="0">
      <marc:subfield code="a">Analysis of crawling waves and estimation of tissue elasticity</marc:subfield>
      <marc:subfield code="h">[electronic resource] /</marc:subfield>
      <marc:subfield code="c">by Liwei An.</marc:subfield>
    </marc:datafield>
    <marc:datafield tag="260" ind1=" " ind2=" ">
      <marc:subfield code="a">Rochester, N.Y. :</marc:subfield>
      <marc:subfield code="b">University of Rochester,</marc:subfield>
      <marc:subfield code="c">2010.</marc:subfield>
    </marc:datafield>
    <marc:datafield tag="300" ind1=" " ind2=" ">
      <marc:subfield code="a">1 online resource (xiv, 124 leaves : ill. (some col.)) :</marc:subfield>
      <marc:subfield code="b">digital, PDF file.</marc:subfield>
    </marc:datafield>
    <marc:datafield tag="500" ind1=" " ind2=" ">
      <marc:subfield code="a">Advisor: Kevin J. Parker.</marc:subfield>
    </marc:datafield>
    <marc:datafield tag="500" ind1=" " ind2=" ">
      <marc:subfield code="a">Includes vita and abstract.</marc:subfield>
    </marc:datafield>
    <marc:datafield tag="502" ind1=" " ind2=" ">
      <marc:subfield code="a">Thesis (Ph. D.)--University of Rochester. Dept. of Electrical and Computer Engineering, 2011.</marc:subfield>
    </marc:datafield>
    <marc:datafield tag="504" ind1=" " ind2=" ">
      <marc:subfield code="a">Includes bibliographical references (leaves 115-124).</marc:subfield>
    </marc:datafield>
    <marc:datafield tag="520" ind1="3" ind2=" ">
      <marc:subfield code="a">"The focus of the study is developing signal and imaging processing protocols to obtain and improve the estimation of local tissue elasticity by the Crawling Wave (CrW) sonoelastography method. The task includes two parts: one is to evaluate the frequency dependence, the lesion size bias, and the spatial resolution of the local estimator and to find the optimal estimator parameters; the other is to reduce noise and to improve the contrast of the elasticity map. First of all, a model of crawling waves in the presence of possible artifacts and noise was established and simulated to assist understanding the phenomenon and developing suitable signal and imaging processing algorithms. Secondly, the protocol of the CrW approach was tested on heterogeneous elastic phantoms as a model of prostate cancers. Then the contrast-to-noise ratio of the estimation was calculated iteratively with various estimator parameters and various sequences of algorithms to determine the optimal signal processing settings. Lastly, the optimized signal processing was applied to ex vivo prostate cancer detection. The comparison of the segmented elasticity map and the histology tumor outline was made by quadrants to evaluate the diagnostic performance of the protocol. Furthermore the CrW approach was combined with amplitude sonoelastography to achieve a higher specificity. The results of this study demonstrated the feasibility of the proposed approach for clinical applications. The system response of the approach was described and characterized by the study of tissue-mimicking phantoms. In the application to ex vivo prostate cancer detection, the established approach was tested on 43 excised prostate glands. The combination of the CrW approach and pseudo-sonoelastography achieved an accuracy of over 80% for finding tumors larger than 4 mm in diameter. The elasticity values and contrast found by the CrW approach were in agreement with the previous findings by mechanical testing. This correspondence further supports the ability of the CrW approach to detect prostate cancer"--Leaves vi-vii.</marc:subfield>
    </marc:datafield>
    <marc:datafield tag="538" ind1=" " ind2=" ">
      <marc:subfield code="a">System requirements: PDF viewer/reader.</marc:subfield>
    </marc:datafield>
    <marc:datafield tag="538" ind1=" " ind2=" ">
      <marc:subfield code="a">Mode of access: World Wide Web.</marc:subfield>
    </marc:datafield>
    <marc:datafield tag="655" ind1=" " ind2="7">
      <marc:subfield code="a">Electronic dissertations.</marc:subfield>
      <marc:subfield code="2">lcgft</marc:subfield>
    </marc:datafield>
    <marc:datafield tag="856" ind1="4" ind2="0">
      <marc:subfield code="a">http://hdl.handle.net/1802/14027</marc:subfield>
    </marc:datafield>
    <marc:datafield tag="994" ind1=" " ind2=" ">
      <marc:subfield code="a">C0</marc:subfield>
      <marc:subfield code="b">RRR</marc:subfield>
    </marc:datafield>
    <marc:datafield tag="999" ind1=" " ind2=" ">
      <marc:subfield code="a">Text data RCL Internet ETD</marc:subfield>
    </marc:datafield>
  </marc:record>
</metadata></record>