<record><header><identifier>oai:library.rochester.edu:URVoyager1/6</identifier><datestamp>2011-07-21T20:15:53Z</datestamp><setSpec>bib</setSpec></header><metadata>
  <marc:record xmlns:marc="http://www.loc.gov/MARC21/slim"  xmlns:xsi="http://www.w3.org/2001/XMLSchema-instance" xsi:schemaLocation="http://www.loc.gov/MARC21/slim http://localhost:8080/OAIToolkit-0.6.10/schema/MARC21slim_custom.xsd">
    <marc:leader>03851cam a2200433Ka 4500</marc:leader>
    <marc:controlfield tag="001">4604170</marc:controlfield>
    <marc:controlfield tag="005">20110506115052.0</marc:controlfield>
    <marc:controlfield tag="006">m        d        </marc:controlfield>
    <marc:controlfield tag="007">cr |||||||||||</marc:controlfield>
    <marc:controlfield tag="008">110215s2010    nyua    sbm   000 0 eng d</marc:controlfield>
    <marc:datafield tag="035" ind1=" " ind2=" ">
      <marc:subfield code="a">(OCoLC)ocn701842733</marc:subfield>
    </marc:datafield>
    <marc:datafield tag="040" ind1=" " ind2=" ">
      <marc:subfield code="a">RRR</marc:subfield>
      <marc:subfield code="c">RRR</marc:subfield>
    </marc:datafield>
    <marc:datafield tag="049" ind1=" " ind2=" ">
      <marc:subfield code="a">RRRR</marc:subfield>
    </marc:datafield>
    <marc:datafield tag="100" ind1="1" ind2=" ">
      <marc:subfield code="a">Hallmark, Elizabeth,</marc:subfield>
      <marc:subfield code="d">1960-</marc:subfield>
    </marc:datafield>
    <marc:datafield tag="245" ind1="1" ind2="0">
      <marc:subfield code="a">Arts as collaborative inquiry</marc:subfield>
      <marc:subfield code="h">[electronic resource] :</marc:subfield>
      <marc:subfield code="b">re-defining and re-centering quality arts practice in schools /</marc:subfield>
      <marc:subfield code="c">by Elizabeth Hallmark.</marc:subfield>
    </marc:datafield>
    <marc:datafield tag="260" ind1=" " ind2=" ">
      <marc:subfield code="a">Rochester, N.Y. :</marc:subfield>
      <marc:subfield code="b">University of Rochester,</marc:subfield>
      <marc:subfield code="c">2010.</marc:subfield>
    </marc:datafield>
    <marc:datafield tag="300" ind1=" " ind2=" ">
      <marc:subfield code="a">1 online resource (x, 231 leaves : ill. (some col.)) :</marc:subfield>
      <marc:subfield code="b">digital, PDF file.</marc:subfield>
    </marc:datafield>
    <marc:datafield tag="500" ind1=" " ind2=" ">
      <marc:subfield code="a">Advisor: Joanne Larson.</marc:subfield>
    </marc:datafield>
    <marc:datafield tag="500" ind1=" " ind2=" ">
      <marc:subfield code="a">Includes vita and abstract.</marc:subfield>
    </marc:datafield>
    <marc:datafield tag="502" ind1=" " ind2=" ">
      <marc:subfield code="a">Thesis (Ph. D.)--University of Rochester. Margaret Warner Graduate School of Education and Human Development, 2011.</marc:subfield>
    </marc:datafield>
    <marc:datafield tag="504" ind1=" " ind2=" ">
      <marc:subfield code="a">Includes bibliographical references (leaves 215-229).</marc:subfield>
    </marc:datafield>
    <marc:datafield tag="520" ind1="3" ind2=" ">
      <marc:subfield code="a">"Arts educators have long been concerned about the marginalization of arts in schools. The author posits that the deepest roots of this problem come from implicit curricular assumptions and explicit operational structures surrounding the arts that obstruct their use as tools for inquiry in schools. Such curricular assumptions and structures can be transformed through school design and communities of practice that encourage a high-quality arts teaching approach she calls arts as collaborative inquiry. The study investigates a K-6 charter school with a whole-school integrated curriculum development practice that blends together curriculum from a local river project, Expeditionary Learning, Responsive Classroom, and an arts as collaborative inquiry approach to learning. It focuses on the curriculum development process of seven teams of grade level and arts teachers who designed and implemented arts as collaborative inquiry over the course of 12 weeks. The author seeks to understand these teachers' formative perspectives on inquiry pedagogy, traces the processes by which they developed cross-curricular connections, and marks operational structures that were central to establishing a professional learning community where the arts play a significant role. The author uses grounded theory to develop a triadic model that extends Bresler's 1993 and 1995 language describing arts teaching practices in most schools. She urges consistent language and analysis of teaching that will align the arts with the rest of the academic curriculum. Her detailed qualitative research furthers understanding of high quality arts integration, and provides a model for professional development in teaching, designing and practicing this kind of inquiry at the primary, secondary and higher education level. The study challenges practitioners and scholars to explore a new balance of arts teaching approaches in schools that would de-emphasize competitive exclusivity and increase democratic participation and shared leadership in the arts. It highlights the vital role that collaboration with teachers outside of the arts can play in re-centering expanded ways of learning through and with the arts in schools"--Leaf v.</marc:subfield>
    </marc:datafield>
    <marc:datafield tag="538" ind1=" " ind2=" ">
      <marc:subfield code="a">System requirements: PDF viewer/reader.</marc:subfield>
    </marc:datafield>
    <marc:datafield tag="538" ind1=" " ind2=" ">
      <marc:subfield code="a">Mode of access: World Wide Web.</marc:subfield>
    </marc:datafield>
    <marc:datafield tag="650" ind1=" " ind2="0">
      <marc:subfield code="a">Art</marc:subfield>
      <marc:subfield code="x">Study and teaching (Elementary)</marc:subfield>
    </marc:datafield>
    <marc:datafield tag="650" ind1=" " ind2="0">
      <marc:subfield code="a">Inquiry-based learning.</marc:subfield>
    </marc:datafield>
    <marc:datafield tag="650" ind1=" " ind2="0">
      <marc:subfield code="a">Interdisciplinary approach in education.</marc:subfield>
    </marc:datafield>
    <marc:datafield tag="653" ind1=" " ind2=" ">
      <marc:subfield code="a">Arts integration.</marc:subfield>
    </marc:datafield>
    <marc:datafield tag="653" ind1=" " ind2=" ">
      <marc:subfield code="a">Collaboration.</marc:subfield>
    </marc:datafield>
    <marc:datafield tag="653" ind1=" " ind2=" ">
      <marc:subfield code="a">Art inquiry.</marc:subfield>
    </marc:datafield>
    <marc:datafield tag="653" ind1=" " ind2=" ">
      <marc:subfield code="a">Professional development.</marc:subfield>
    </marc:datafield>
    <marc:datafield tag="653" ind1=" " ind2=" ">
      <marc:subfield code="a">Teaching practice.</marc:subfield>
    </marc:datafield>
    <marc:datafield tag="653" ind1=" " ind2=" ">
      <marc:subfield code="a">Curriculum design.</marc:subfield>
    </marc:datafield>
    <marc:datafield tag="653" ind1=" " ind2=" ">
      <marc:subfield code="a">Expeditionary learning.</marc:subfield>
    </marc:datafield>
    <marc:datafield tag="653" ind1=" " ind2=" ">
      <marc:subfield code="a">Responsive classroom.</marc:subfield>
    </marc:datafield>
    <marc:datafield tag="655" ind1=" " ind2="7">
      <marc:subfield code="a">Electronic dissertations.</marc:subfield>
      <marc:subfield code="2">lcgft</marc:subfield>
    </marc:datafield>
    <marc:datafield tag="856" ind1="4" ind2="0">
      <marc:subfield code="a">http://hdl.handle.net/1802/14131</marc:subfield>
    </marc:datafield>
    <marc:datafield tag="994" ind1=" " ind2=" ">
      <marc:subfield code="a">C0</marc:subfield>
      <marc:subfield code="b">RRR</marc:subfield>
    </marc:datafield>
    <marc:datafield tag="999" ind1=" " ind2=" ">
      <marc:subfield code="a">Text data RCL Internet ETD</marc:subfield>
    </marc:datafield>
  </marc:record>
</metadata></record></ListRecords>
</OAI-PMH>